@article{DBLP:journals/corr/abs-cs-0610105,
  author    = {Arvind Narayanan and
               Vitaly Shmatikov},
  title     = {How To Break Anonymity of the Netflix Prize Dataset},
  journal   = {CoRR},
  volume    = {abs/cs/0610105},
  year      = {2006},
  url       = {http://arxiv.org/abs/cs/0610105},
  archivePrefix = {arXiv},
  eprint    = {cs/0610105},
  timestamp = {Mon, 13 Aug 2018 16:48:47 +0200},
  biburl    = {https://dblp.org/rec/bib/journals/corr/abs-cs-0610105},
  bibsource = {dblp computer science bibliography, https://dblp.org}
}

@inproceedings{bennett2007netflix,
  title={The netflix prize},
  author={Bennett, James and Lanning, Stan and others},
  booktitle={Proceedings of KDD cup and workshop},
  volume={2007},
  pages={35},
  year={2007},
  organization={New York, NY, USA.}
}

@article{bell2007bellkor,
  title={The bellkor solution to the netflix prize},
  author={Bell, Robert M and Koren, Yehuda and Volinsky, Chris},
  journal={KorBell Team’s Report to Netflix},
  year={2007},
  publisher={Citeseer}
}

@article{bell2008bellkor,
  title={The bellkor 2008 solution to the netflix prize},
  author={Bell, Robert M and Koren, Yehuda and Volinsky, Chris},
  journal={Statistics Research Department at AT\&T Research},
  volume={1},
  year={2008}
}
@article{koren2009bellkor,
  title={The bellkor solution to the netflix grand prize},
  author={Koren, Yehuda},
  journal={Netflix prize documentation},
  volume={81},
  number={2009},
  pages={1--10},
  year={2009}
}

@article{toscher2009bigchaos,
  title={The bigchaos solution to the netflix grand prize},
  author={T{\"o}scher, Andreas and Jahrer, Michael and Bell, Robert M},
  journal={Netflix prize documentation},
  pages={1--52},
  year={2009}
}

@article{piotte2009pragmatic,
  title={The pragmatic theory solution to the netflix grand prize},
  author={Piotte, Martin and Chabbert, Martin},
  journal={Netflix prize documentation},
  year={2009}
}

@misc{gower2014netflix,
  title={Netflix prize and SVD},
  author={Gower, Stephen},
  year={2014},
  publisher={Working Paper}
}


@book{shalev2014understanding,
  title={Understanding machine learning: From theory to algorithms},
  author={Shalev-Shwartz, Shai and Ben-David, Shai},
  year={2014},
  publisher={Cambridge university press},
  url={https://www.cs.huji.ac.il/~shais/UnderstandingMachineLearning/index.html}
}


@book{peng2012exploratory,
  title={Exploratory data analysis with R},
  author={Peng, Roger},
  year={2012},
  publisher={Lulu. com}
}

@article{kim2019ensemble,
  title={An ensemble semi-supervised learning method for predicting defaults in social lending},
  author={Kim, Aleum and Cho, Sung-Bae},
  journal={Engineering Applications of Artificial Intelligence},
  volume={81},
  pages={193--199},
  year={2019},
  publisher={Elsevier}
}

@misc{LC201908S3,
  title={{Prospectus Regulatory Filing S3-ASR for Member Payment Dependent Notes}},
  author={LendingClub Corporation - San Francisco - California},
  year={2019},
  howpublished = "\url{https://www.sec.gov/Archives/edgar/data/1409970/000140997019000988/0001409970-19-000988-index.htm}",
  note = "[Note: Accessed 31 October 2019]"
}

@misc{KaggleLC,
  title={{Kaggle - LendingClub dataset}},
  author={LendingClub Corporation - Preparation: Wendy Kan},
  year={2019},
  howpublished = "\url{https://www.kaggle.com/wendykan/lending-club-loan-data}",
  note = "[Note: Accessed 31 August 2019]"
}


@MISC{Miner_sasglobal,
    author = {SAS Enterprise Miner},
    title = {SAS Global Forum 2012 Financial Services Paper 141-2012 Building Loss Given Default Scorecard Using Weight of Evidence Bins in SAS®},
    year = {2012}
  howpublished = "\url{https://support.sas.com/resources/papers/proceedings12/141-2012.pdf}",
}







